<record xmlns="http://www.loc.gov/MARC21/slim" xmlns:xsi="http://www.w3.org/2001/XMLSchema-instance" xsi:schemaLocation="http://www.loc.gov/MARC21/slim http://www.loc.gov/standards/marcxml/schema/MARC21slim.xsd"><leader>01777nam a2200349   4500</leader><controlfield tag="001">001700644</controlfield><controlfield tag="003">NNU</controlfield><controlfield tag="006">m        d        </controlfield><controlfield tag="007">cr cn |||m|||a</controlfield><controlfield tag="008">150223s1903    ua c    o     000 0 ara d</controlfield><datafield ind1=" " ind2=" " tag="040"><subfield code="a">NNU</subfield><subfield code="b">eng</subfield><subfield code="c">NNU</subfield></datafield><datafield ind1=" " ind2=" " tag="066"><subfield code="c">(3</subfield></datafield><datafield ind1=" " ind2=" " tag="090"><subfield code="a">BJ1291</subfield><subfield code="b">.K5</subfield></datafield><datafield ind1="0" ind2=" " tag="100"><subfield code="6">880-01</subfield><subfield code="a">Khaz&#699;al Kh&#257;n,</subfield><subfield code="c">Amir of Mu&#7717;ammarah,</subfield><subfield code="d">d. 1936</subfield></datafield><datafield ind1="1" ind2="0" tag="240"><subfield code="6">880-02</subfield><subfield code="a">Riy&#257;&#7693; al-khaz&#699;al&#299;yah f&#299; al-siy&#257;sah al-ins&#257;n&#299;yah</subfield></datafield><datafield ind1="1" ind2="0" tag="245"><subfield code="6">880-03</subfield><subfield code="a">Kit&#257;b riy&#257;&#7693; al-khaz&#699;al&#299;yah f&#299; al-siy&#257;sah al-ins&#257;n&#299;yah</subfield><subfield code="h">[electronic resource] /</subfield><subfield code="c">ta&#700;l&#299;f Khaz&#699;al Kh&#257;n Mu&#699;izz al-Sal&#7789;anah.</subfield></datafield><datafield ind1=" " ind2=" " tag="260"><subfield code="6">880-04</subfield><subfield code="a">Mi&#7779;r :</subfield><subfield code="b">Ma&#7789;ba&#699;at Hind&#299;yah,</subfield><subfield code="c">1321 [i.e. 1903 or 4]</subfield></datafield><datafield ind1=" " ind2=" " tag="300"><subfield code="a">online resource (2 v. in 1) :</subfield><subfield code="b">port.</subfield></datafield><datafield ind1=" " ind2=" " tag="500"><subfield code="a">In Arabic.</subfield></datafield><datafield ind1=" " ind2=" " tag="500"><subfield code="a">Part of the Arabic Collections Online (ACO) project, contributed by New York Univeristy Libraries.</subfield></datafield><datafield ind1=" " ind2=" " tag="533"><subfield code="a">Electronic reproduction.</subfield><subfield code="b">New York, N.Y. :</subfield><subfield code="c">New York University,</subfield><subfield code="d">2015.</subfield><subfield code="5">NNU</subfield></datafield><datafield ind1=" " ind2="0" tag="650"><subfield code="a">Islam</subfield><subfield code="x">Doctrines.</subfield></datafield><datafield ind1="2" ind2=" " tag="710"><subfield code="a">New York University.</subfield><subfield code="b">Libraries.</subfield></datafield><datafield ind1="0" ind2=" " tag="730"><subfield code="a">Arabic Collections Online.</subfield></datafield><datafield ind1="0" ind2="8" tag="776"><subfield code="i">Print version:</subfield><subfield code="a">Khaz&#699;al Kh&#257;n, Amir of Mu&#7717;ammarah, d. 1936 880-01</subfield><subfield code="t">Kit&#257;b riy&#257;&#7693; al-khaz&#699;al&#299;yah f&#299; al-siy&#257;sah al-ins&#257;n&#299;yah</subfield><subfield code="w">(NNU)001700644</subfield></datafield><datafield ind1="4" ind2="0" tag="856"><subfield code="u">http://hdl.handle.net/2333.1/wh70s17h</subfield></datafield><datafield ind1="0" ind2=" " tag="880"><subfield code="6">100-01/</subfield><subfield code="a">&#1582;&#1586;&#1593;&#1604; &#1582;&#1575;&#1606; &#1605;&#1593;&#1586; &#1575;&#1604;&#1587;&#1604;&#1591;&#1606;&#1577;.</subfield></datafield><datafield ind1="1" ind2="0" tag="880"><subfield code="6">240-02/</subfield><subfield code="a">&#1585;&#1610;&#1575;&#1590; &#1575;&#1604;&#1582;&#1586;&#1593;&#1604;&#1610;&#1577; &#1601;&#1610; &#1575;&#1604;&#1587;&#1610;&#1575;&#1587;&#1577; &#1575;&#1604;&#1575;&#1606;&#1587;&#1575;&#1606;&#1610;&#1577;</subfield></datafield><datafield ind1="1" ind2="0" tag="880"><subfield code="6">245-03/</subfield><subfield code="a">&#1603;&#1578;&#1575;&#1576; &#1585;&#1610;&#1575;&#1590; &#1575;&#1604;&#1582;&#1586;&#1593;&#1604;&#1610;&#1577; &#1601;&#1610; &#1575;&#1604;&#1587;&#1610;&#1575;&#1587;&#1577; &#1575;&#1604;&#1575;&#1606;&#1587;&#1575;&#1606;&#1610;&#1577; /</subfield><subfield code="c">&#1578;&#1571;&#1604;&#1610;&#1601; &#1582;&#1586;&#1593;&#1604; &#1582;&#1575;&#1606; &#1605;&#1593;&#1586; &#1575;&#1604;&#1587;&#1604;&#1591;&#1606;&#1577; &#1587;&#1585;&#1583;&#1585; &#1575;&#1585;&#1601;&#1593;.</subfield></datafield><datafield ind1=" " ind2=" " tag="880"><subfield code="6">260-04/</subfield><subfield code="a">&#1605;&#1589;&#1585; :</subfield><subfield code="b">&#1605;&#1591;&#1576;&#1593;&#1577; &#1607;&#1606;&#1583;&#1610;&#1577;&#1548;</subfield><subfield code="c">&#1633;&#1635;&#1634;&#1633;.</subfield></datafield><datafield ind1=" " ind2=" " tag="959"><subfield code="a">NNU</subfield><subfield code="b">WEB</subfield><subfield code="c">GENI</subfield><subfield code="t">0</subfield><subfield code="m">Electronic access</subfield><subfield code="s">01</subfield></datafield><datafield ind1=" " ind2=" " tag="999"><subfield code="i">NNU_001700644</subfield><subfield code="s">nyu_aco000439</subfield></datafield></record>